<record><leader>00000cas a2200000 a 4500</leader><controlfield tag="001">9849908</controlfield><controlfield tag="008">830826d17991806nyuwr ne      0    0eng d</controlfield><datafield ind1=" " ind2=" " tag="010"><subfield code="a">sn 83031444 </subfield></datafield><datafield ind1=" " ind2=" " tag="040"><subfield code="a">NPU</subfield><subfield code="b">eng</subfield><subfield code="c">NPU</subfield><subfield code="d">NPX</subfield><subfield code="d">DLC</subfield><subfield code="d">NPX</subfield><subfield code="d">NYS</subfield><subfield code="d">MGN</subfield><subfield code="d">NYS</subfield><subfield code="d">MHN</subfield><subfield code="d">OCL</subfield><subfield code="d">OCLCG</subfield><subfield code="d">KRTAS</subfield><subfield code="d">OCLCQ</subfield><subfield code="d">OCLCF</subfield><subfield code="d">OCLCO</subfield></datafield><datafield ind1=" " ind2=" " tag="042"><subfield code="a">msc</subfield></datafield><datafield ind1=" " ind2=" " tag="043"><subfield code="a">n-us-ny</subfield></datafield><datafield ind1="0" ind2="0" tag="050"><subfield code="a">Newspaper 8829-X</subfield></datafield><datafield ind1="0" ind2=" " tag="130"><subfield code="a">Rights of man (Newburgh, N.Y.)</subfield></datafield><datafield ind1="1" ind2="4" tag="245"><subfield code="a">The rights of man.</subfield></datafield><datafield ind1=" " ind2=" " tag="260"><subfield code="a">Newburgh, Orange County, N.Y. :</subfield><subfield code="b">Benoni H. Howell, for Elias Winfield</subfield></datafield><datafield ind1=" " ind2=" " tag="300"><subfield code="a">v. ;</subfield><subfield code="c">49 cm.</subfield></datafield><datafield ind1=" " ind2=" " tag="310"><subfield code="a">Weekly</subfield></datafield><datafield ind1="1" ind2=" " tag="362"><subfield code="a">Began in Nov. 1799? Ceased in 1806?</subfield></datafield><datafield ind1=" " ind2=" " tag="500"><subfield code="a">Editors: David Denniston, 1803; Thomas Wilson, &lt;1804&gt;.</subfield></datafield><datafield ind1=" " ind2=" " tag="500"><subfield code="a">Imprint varies: Benoni H. Howell, for Elias Winfield, &lt;1800&gt;; Printed by Elias Winfield, 1800; Dennis Coles, 1801-1802; Robert Hinchman, 1803-1804; Thomas Wilson, 1804-&lt;1806&gt;.</subfield></datafield><datafield ind1=" " ind2=" " tag="500"><subfield code="a">Democratic Republican, &lt;1804&gt;.</subfield></datafield><datafield ind1=" " ind2=" " tag="588"><subfield code="a">Description based on: Vol. 1, no. 24 (Apr. 14, 1800).</subfield></datafield><datafield ind1=" " ind2="0" tag="651"><subfield code="a">Newburgh (N.Y.)</subfield><subfield code="v">Newspapers.</subfield></datafield><datafield ind1=" " ind2="0" tag="651"><subfield code="a">Orange County (N.Y.)</subfield><subfield code="v">Newspapers.</subfield></datafield><datafield ind1=" " ind2="7" tag="655"><subfield code="a">Newspapers.</subfield><subfield code="2">fast</subfield><subfield code="0">(OCoLC)fst01423814</subfield></datafield><datafield ind1=" " ind2="7" tag="651"><subfield code="a">New York (State)</subfield><subfield code="z">Newburgh.</subfield><subfield code="2">fast</subfield><subfield code="0">(OCoLC)fst01215294</subfield></datafield><datafield ind1=" " ind2="7" tag="651"><subfield code="a">New York (State)</subfield><subfield code="z">Orange County.</subfield><subfield code="2">fast</subfield><subfield code="0">(OCoLC)fst01206784</subfield></datafield><datafield ind1="1" ind2=" " tag="700"><subfield code="a">Howell, Benoni H.</subfield></datafield><datafield ind1="1" ind2=" " tag="700"><subfield code="a">Winfield, Elias.</subfield></datafield><datafield ind1="1" ind2=" " tag="700"><subfield code="a">Coles, Dennis.</subfield></datafield><datafield ind1="1" ind2=" " tag="700"><subfield code="a">Hinchman, Robert.</subfield></datafield><datafield ind1="1" ind2=" " tag="700"><subfield code="a">Denniston, David,</subfield><subfield code="d">1767?-1803.</subfield></datafield><datafield ind1="1" ind2=" " tag="700"><subfield code="a">Wilson, Thomas,</subfield><subfield code="d">1768-1828?</subfield></datafield><datafield ind1=" " ind2=" " tag="752"><subfield code="a">United States</subfield><subfield code="b">New York</subfield><subfield code="c">Orange</subfield><subfield code="d">Newburgh.</subfield></datafield><datafield ind1=" " ind2=" " tag="938"><subfield code="a">Kirtas Technologies, Inc.</subfield><subfield code="b">KRTS</subfield><subfield code="n">737353</subfield></datafield></record>